
@Unpublished{IFJpred,
	author = {Alexander MEDUNA and Roman LUKÁŠ},
	title = {Kapitola VIII. Syntaktická analýza zdola nahoru},
	howpublished = {[online], for VUT FIT students},
	year = {rev. 1.~septembra~2018},
	note = {[vid. 3.~novembra~2018]},

}
